 @book{Lifante_2015, address={Chichester, West Sussex, United Kingdom}, title={Beam propagation method for design of optical waveguide devices}, ISBN={978-1-119-08340-5}, callNumber={621.36}, publisher={John Wiley \& Sons, Inc}, author={Lifante, Gin√©s}, year={2015}, language={eng}, doi={10.1002/9781119083405}, url={https://dx.doi.org/10.1002/9781119083405} }
